
@book{Solingen99,
	address = {London, UK},
	author = {Rini van Solingen and Egon Berghout},
	publisher = {McGraw-Hill},
	title = {{The Goal/Question/Metric Method: A Practical Guide for Improvement of Software Development}},
	year = {1999}}


@misc{ralph2021empirical,
      title={Empirical Standards for Software Engineering Research}, 
      author={Paul Ralph and Nauman bin Ali and Sebastian Baltes and Domenico Bianculli and Jessica Diaz and Yvonne Dittrich and Neil Ernst and Michael Felderer and Robert Feldt and Antonio Filieri and Breno Bernard Nicolau de França and Carlo Alberto Furia and Greg Gay and Nicolas Gold and Daniel Graziotin and Pinjia He and Rashina Hoda and Natalia Juristo and Barbara Kitchenham and Valentina Lenarduzzi and Jorge Martínez and Jorge Melegati and Daniel Mendez and Tim Menzies and Jefferson Molleri and Dietmar Pfahl and Romain Robbes and Daniel Russo and Nyyti Saarimäki and Federica Sarro and Davide Taibi and Janet Siegmund and Diomidis Spinellis and Miroslaw Staron and Klaas Stol and Margaret-Anne Storey and Davide Taibi and Damian Tamburri and Marco Torchiano and Christoph Treude and Burak Turhan and Xiaofeng Wang and Sira Vegas},
      year={2021},
      eprint={2010.03525},
      archivePrefix={arXiv},
      primaryClass={cs.SE}
}

@article{bernard2015simulation,
  title={Simulation based studies in software engineering: A matter of validity},
  author={Bernard Nicolau de Fran{\c{c}}a, Breno and Horta Travassos, Guilherme},
  journal={CLEI electronic journal},
  volume={18},
  number={1},
  pages={5--5},
  year={2015},
  publisher={Centro Latinoamericano de Estudios en Inform{\'a}tica}
}




@book{Wieringa2014,
    author = {Roel J. Wieringa},
    publisher = {Springer},
    title = {Design Science Methodology for Information Systems and Software Engineering},
    doi = {10.1007/978-3-662-43839-8},
    url = {https://doi.org/10.1007/978-3-662-43839-8},
    year = {2014}
}


@book{wohlin2012experimentation,
  title={Experimentation in software engineering},
  author={Wohlin, Claes and Runeson, Per and H{\"o}st, Martin and Ohlsson, Magnus C and Regnell, Bj{\"o}rn and Wessl{\'e}n, Anders},
  year={2012},
  publisher={Springer Science \& Business Media}
}

@inbook{Jedlitschka08,
	abstract = {Background: One major problem for integrating study results into a common body of knowledge is the heterogeneity of reporting styles: (1) It is difficult to locate relevant information and (2) important information is often missing.},
	address = {London},
	author = {Jedlitschka, Andreas and Ciolkowski, Marcus and Pfahl, Dietmar},
	booktitle = {Guide to Advanced Empirical Software Engineering},
	doi = {10.1007/978-1-84800-044-5_8},
	editor = {Shull, Forrest and Singer, Janice and Sj{\o}berg, Dag I. K.},
	isbn = {978-1-84800-044-5},
	pages = {201--228},
	publisher = {Springer London},
	title = {Reporting Experiments in Software Engineering},
	url = {https://doi.org/10.1007/978-1-84800-044-5_8},
	year = {2008}}


@book{Madeyski10,
	address = {(Heidelberg, London, New York)},
	author = {Lech Madeyski},
	doi = {10.1007/978-3-642-04288-1},
	isbn = {978-3-642-04287-4},
	keywords = {LMScientificPublication; BookEN},
	note = {Foreword by Prof. Claes Wohlin},
	owner = {lma},
	publisher = {Springer},
	timestamp = {2012.11.02},
	title = {Test-Driven Development: An Empirical Evaluation of Agile Practice},
	year = {2010},
	url = {http://dx.doi.org/10.1007/978-3-642-04288-1}}


@article{KitchenhamMadeyski17ESE,
    author = {Barbara Kitchenham and Lech Madeyski and David Budgen and Jacky Keung and Pearl Brereton and Stuart Charters and Shirley Gibbs and Amnart Pohthong},
    journal = {Empirical Software Engineering},
    number = {2},
    pages = {579--630},
    title = {{Robust Statistical Methods for Empirical Software Engineering}},
    volume = {22},
    year = {2017},
    doi = {10.1007/s10664-016-9437-5},
    url = {https://doi.org/10.1007/s10664-016-9437-5}
}


@article{KitchenhamMadeyskiBudgen23SEGRESS,
    author = {Kitchenham, Barbara and Madeyski, Lech and Budgen, David},
    journal = {IEEE Transactions on Software Engineering},
    number = {3},
    pages = {1273-1298},
    title = {{SEGRESS: Software Engineering Guidelines for REporting Secondary Studies}},
    volume = {49},
    year = {2023},
    doi = {10.1109/TSE.2022.3174092},
    url = {https://doi.org/10.1109/TSE.2022.3174092}
}


@book{Wohlin12,
	address = {Berlin Heidelberg, Germany},
	author = {Claes Wohlin and Per Runeson and Martin H{\"o}st and Magnus C. Ohlsson and Bj{\"o}rn Regnell and Anders Wessl{\'e}n},
	edition = {2nd},
	publisher = {Springer},
	title = {{Experimentation in Software Engineering: An Introduction}},
	year = {2012}}


@article{KitchenhamMadeyskiBudgen23TSE,
    author = {Kitchenham, Barbara and Madeyski, Lech and Budgen, David},
    journal = {IEEE Transactions on Software Engineering},
    number = {2},
    pages = {872-882},
    title = {{How Should Software Engineering Secondary Studies Include Grey Material?}},
    volume = {49},
    year = {2023},
    url = {https://doi.org/10.1109/TSE.2022.3165938},
    doi = {10.1109/TSE.2022.3165938}
}
